%% Created using Papers on Mon, 12 Oct 2015.
%% http://papersapp.com/papers/

@article{Fortunato:2010iw,
author = {Fortunato, Santo},
title = {{Community detection in graphs}},
journal = {Physics Reports-Review Section Of Physics Letters},
year = {2010},
volume = {486},
number = {3-5},
pages = {75--174}
}

@article{Cole:1983vd,
author = {Cole, Stephen},
title = {{The Hierarchy of the Sciences?}},
journal = {The American Journal of Sociology},
year = {1983},
volume = {89},
number = {1},
pages = {111--139},
month = jul
}

@article{Handcock:2010iw,
author = {Handcock, Mark S and Gile, Krista J},
title = {{Modeling social networks from sampled data}},
journal = {arXiv},
year = {2010},
volume = {stat.AP},
month = oct,
annote = {Published in: Annals of Applied Statistics 2010, Vol. 4, No. 1, 5-25

Published in at http://dx.doi.org/10.1214/08-AOAS221 the Annals of
  Applied Statistics (http://www.imstat.org/aoas/) by the Institute of
  Mathematical Statistics (http://www.imstat.org)}
}

@article{Melamed:2014ft,
author = {Melamed, David},
title = {{Community structures in bipartite networks: a dual-projection approach.}},
journal = {PLoS ONE},
year = {2014},
volume = {9},
number = {5},
pages = {e97823--e97823},
month = jan
}

@article{Blondel:2008vn,
author = {Blondel, VD and Guillaume, JL and Lambiotte, R and Lefebvre, E},
title = {{Fast unfolding of communities in large networks}},
journal = {Journal of Statistical Mechanics: Theory and Experiment},
year = {2008},
volume = {2008},
pages = {P10008}
}

@article{Leydesdorff:2010ci,
author = {Leydesdorff, Loet and de Moya-Anegon, Felix and Guerrero-Bote, Vicente P},
title = {{Journal Maps on the Basis of Scopus Data: A Comparison with the Journal Citation Reports of the ISI}},
journal = {Journal Of The American Society For Information Science And Technology},
year = {2010},
volume = {61},
number = {2},
pages = {352--369}
}

@article{Vedres:2010gd,
author = {Vedres, Bal{\'a}zs and Stark, David},
title = {{Structural Folds: Generative Disruption in Overlapping Groups}},
journal = {The American Journal of Sociology},
year = {2010},
volume = {115},
number = {4},
pages = {1150--1190},
month = jan
}

@article{Shwed:2010kv,
author = {Shwed, U and Bearman, P S},
title = {{The Temporal Structure of Scientific Consensus Formation}},
journal = {American Sociological Review},
year = {2010},
volume = {75},
number = {6},
pages = {817--840},
month = dec
}

